@book{Balnaves2001,
  title={Introduction to Quantitative Research Methods: An Investigative Approach},
  author={Balnaves, Mark and Caputi, Peter},
  year={2001},
  publisher={SAGE Publications},
  address = {Thousand Oaks, CA}
}
@book{Bryman2012,
  title={Social Research Methods},
  author={Bryman, A.},
  edition = {4th},
  year={2012},
  publisher={Oxford University Press},
  address = {New York, NY}
}
@book{hair2013primer,
  title={A Primer on Partial Least Squares Structural Equation Modeling (PLS-SEM)},
  author={Hair, J.F. and Hult, G.T.M. and Ringle, C. and Sarstedt, M.},
  isbn={9781483310978},
  url={http://books.google.com/books?id=WZ92AwAAQBAJ},
  year={2013},
  publisher={SAGE Publications}
}
@book{harlow2014essence,
  title={The essence of multivariate thinking: Basic themes and methods (2nd ed.)},
  author={Harlow, L. L.},
  isbn={9781317859796},
  series={Multivariate Applications Series},
  url={http://books.google.com/books?id=fqvmAgAAQBAJ},
  year={2014},
  publisher={Routledge}
}
