Honaker, J., King, G., & Blackwell, M. (2011). Amelia II: A Program for Missing Data. Journal of Statistical Software, 45(7), 1-47. URL http://www.jstatsoft.org/v45/i07

Beaujean, A. A. (2012). BaylorEdPsych: R Package for Baylor University Educational Psychology Quantitative Courses. R package version 0.5. http://CRAN.R-project.org/package=BaylorEdPsych

Dowle, M., Short, T., Lianoglou, S., & Srinivasan, A. (2014). data.table: Extension of data.frame. R package version 1.9.4. http://CRAN.R-project.org/package=data.table

van der Loo, M., & de Jonge, E., & Scholtus, S. (2014). deducorrect: Deductive correction, deductive imputation, and deterministic correction.. R package version 1.3-5. http://CRAN.R-project.org/package=deducorrect

Hadley Wickham and Romain Francois (2014). dplyr: dplyr: a grammar of data manipulation. R package version 0.2. http://CRAN.R-project.org/package=dplyr

de Jonge, E., & van der Loo, M. (2013). editrules: R package for parsing, applying, and manipulating data cleaning rules. R package version 2.7.2. http://CRAN.R-project.org/package=editrules

Schloerke, B., Crowley, J., Cook, D., Hofmann, H., Wickham, H., Briatte, F., Marbach, M., & Thoen, E. (2014). GGally: Extension to ggplot2. R package version 0.4.8. http://CRAN.R-project.org/package=GGally

Wickham, H. (2009). ggplot2: Elegant graphics for data analysis. New York: Springer.

Bernaards, C. A., & Jennrich, R. I. (2005). Gradient Projection Algorithms and Software for Arbitrary Rotation Criteria. Factor Analysis, Educational and Psychological Measurement, 65, 676-696. http://www.stat.ucla.edu/research/gpa

Auguie, B. (2012). gridExtra: functions in Grid graphics. R package version 0.9.1. http://CRAN.R-project.org/package=gridExtra

Grothendieck, G. (2014). gsubfn: Utilities for strings and function arguments. R package version 0.6-6. http://CRAN.R-project.org/package=gsubfn

Harrell Jr., F. E. (2014). Hmisc: Harrell Miscellaneous. R package version 3.14-5. http://CRAN.R-project.org/package=Hmisc

Ooms, J., Temple Lang, D., & Hilaiel, L. (2014). jsonlite: A Robust, High Performance JSON Parser and Generator for R. R package version 0.9.13. http://CRAN.R-project.org/package=jsonlite

Rosseel, Y. (2012). lavaan: An R Package for Structural Equation Modeling. Journal of Statistical Software, 48(2), 1-36. URL http://www.jstatsoft.org/v48/i02

Venables, W. N., & Ripley, B. D. (2002). Modern Applied Statistics with S (4th ed.). New York: Springer.

Fraley, C., Raftery, A. E., Murphy, T. B., & Scrucca, L. (2012). mclust Version 4 for R: Normal Mixture Modeling for Model-Based Clustering, Classification, and Density Estimation. Technical Report No. 597, Department of Statistics, University of Washington

Fraley, C., & Raftery, A. E. (2002). Model-based Clustering, Discriminant Analysis and Density Estimation. Journal of the American Statistical Association, 97, 611-631.

van Buuren, S., & Groothuis-Oudshoorn, K. (2011). mice: Multivariate Imputation by Chained Equations in R. Journal of Statistical Software, 45(3), 1-67. URL http://www.jstatsoft.org/v45/i03

Jamshidian, M., Jalal, S., & Jansen, C. (2014). MissMech: An R Package for Testing Homoscedasticity, Multivariate Normality, and Missing Completely at Random (MCAR). Journal of Statistical Software, 56(6), 1-31. URL http://www.jstatsoft.org/v56/i06

Benaglia, T., Chauveau, D., Hunter, D. R., & Young, D. (2009). mixtools: An R Package for Analyzing Finite Mixture Models. Journal of Statistical Software, 32(6), 1-29. URL http://www.jstatsoft.org/v32/i06

Korkmaz, S., & Goksuluk, D. (2014). MVN: Multivariate Normality Tests. R package version 3.4. http://CRAN.R-project.org/package=MVN

Gross, K. (2012). mvnmle: ML estimation for multivariate normal data with missing values. R package version 0.1-11. http://CRAN.R-project.org/package=mvnmle

Dar√≥czi, G. (2014). pander: An R Pandoc Writer. R package version 0.5.1, URL http://cran.r-project.org/package=pander

Arias, C. A., & Cervantes, V. H. (2013). pcaPA: Parallel Analysis for ordinal and numeric data using polychoric and Pearson correlations with S3 classes. R package version 1.2. http://CRAN.R-project.org/package=pcaPA

Sanchez, G., Trinchera, L., & Russolillo, G. (2013). plspm: Tools for Partial Least Squares Path Modeling (PLS-PM). R package version 0.4.1. http://CRAN.R-project.org/package=plspm

Wickham, H. (2011). The Split-Apply-Combine Strategy for Data Analysis. Journal of Statistical Software, 40(1), 1-29. URL http://www.jstatsoft.org/v40/i01

Fox, J. (2010). polycor: Polychoric and Polyserial Correlations. R package version 0.7-8. http://CRAN.R-project.org/package=polycor

Revelle, W. (2014). psych: Procedures for Personality and Psychological Research, Northwestern University, Evanston, Illinois, USA, http://CRAN.R-project.org/package=psych Version = 1.4.8.

Epskamp, S., Cramer, A. O. J., Waldorp, L. J., Schmittmann, V. D., & Borsboom, D. (2012). qgraph: Network Visualizations of Relationships in Psychometric Data. Journal of Statistical Software, 48(4), 1-18. URL http://www.jstatsoft.org/v48/i04

Neuwirth, E. (2011). RColorBrewer: ColorBrewer palettes. R package version 1.0-5. http://CRAN.R-project.org/package=RColorBrewer

Temple Lang, D. (2014). RCurl: General network (HTTP/FTP/...) client interface for R. R package version 1.95-4.3. http://CRAN.R-project.org/package=RCurl

Wickham, H. (2007). Reshaping data with the reshape package. Journal of Statistical Software, 21(12).

Wickham, H. (2014). scales: Scale functions for graphics. R package version 0.2.4. http://CRAN.R-project.org/package=scales

Epskamp, S. (2014). semPlot: Path diagrams and visual analysis of various SEM packages' output. R package version 1.0.1. http://CRAN.R-project.org/package=semPlot

Wickham, H. (2012). stringr: Make it easier to work with strings. R package version 0.6.2. http://CRAN.R-project.org/package=stringr

Murdoch, D. (2014). tables: Formula-driven table generation. R package version 0.7.79. http://CRAN.R-project.org/package=tables

Temple Lang, D. (2013). XML: Tools for parsing and generating XML within R and S-Plus. R package version 3.98-1.1. http://CRAN.R-project.org/package=XML

Dahl, D. B. (2014). xtable: Export tables to LaTeX or HTML. R package version 1.7-4. http://CRAN.R-project.org/package=xtable
