% Fill in your bibliography items
